<?xml version="1.0" encoding="UTF-8"?>
<?xml-stylesheet type="text/xsl" href="https://www.revistas.usp.br/lib/pkp/xml/oai2.xsl" ?>
<OAI-PMH xmlns="http://www.openarchives.org/OAI/2.0/" xmlns:xsi="http://www.w3.org/2001/XMLSchema-instance" xsi:schemaLocation="http://www.openarchives.org/OAI/2.0/ http://www.openarchives.org/OAI/2.0/OAI-PMH.xsd">
<responseDate>2023-08-07T14:50:03Z</responseDate>
<request verb="ListRecords" metadataPrefix="marcxml" set="actafisiatrica">https://www.revistas.usp.br/actafisiatrica/oai</request>
<ListRecords>
<record>
<header>
<identifier>oai:revistas.usp.br:article/102826</identifier>
<datestamp>2020-08-15T21:50:31Z</datestamp>
<setSpec>actafisiatrica:Art.+Orig.</setSpec>
<setSpec>driver</setSpec>
</header>
<metadata>
<record xmlns="http://www.loc.gov/MARC21/slim" xmlns:xsi="http://www.w3.org/2001/XMLSchema-instance" xsi:schemaLocation="http://www.loc.gov/MARC21/slim http://www.loc.gov/standards/marcxml/schema/MARC21slim.xsd">
<leader>     nmb a2200000Iu 4500</leader>
<controlfield tag="008">"070909 2007                        eng  "</controlfield>
<datafield tag="022" ind1="#" ind2="#">
<subfield code="$a">2317-0190</subfield>
</datafield>
<datafield tag="022" ind1="#" ind2="#">
<subfield code="$a">0104-7795</subfield>
</datafield>
<datafield tag="042" ind1=" " ind2=" ">
<subfield code="a">dc</subfield>
</datafield>
<datafield tag="245" ind1="0" ind2="0">
<subfield code="a">Variação da independência funcional em idosos hospitalizados relacionada a variáveis sociais e de saúde</subfield>
</datafield>  <datafield tag="720" ind1="1" ind2=" ">
<subfield code="a">Kawasaki, Kozue</subfield>
<subfield code="u">Universidade Estadual de Campinas</subfield></datafield>
<datafield tag="720" ind1="1" ind2=" ">
<subfield code="a">Diogo, Maria José D’Elboux</subfield>
<subfield code="u">Universidade Estadual de Campinas</subfield></datafield>
<datafield tag="520" ind1=" " ind2=" ">
<subfield code="a"> The aging process, non-transmissible chronic diseases and hospitalizations can cause functional decline in the elderly. Objective: to identify the variation in functional capacity in elderly during hospitalization and correlate it with social and health variables. Method: The study was developed at a University Hospital in Campinas, SP, with 28 elderly inpatients of both sexes, admitted for clinical treatment, with a mean age of 68 years. The Functional Independence Measure (FIM) was used at the admission, during the hospitalization, at the discharge and one month after the discharge. The variation in FIM scores was calculated at different moments of evaluation, expressed by deltas and correlated with the variables: gender, previous hospitalization, presence of caregiver and use of medications. Results: There was a significant difference in the deltas of FIM between the discharge-home return periods (p=0.0010) and the admission-discharge periods (p&lt;0.0001), in total FIM and its domains, showing decreased functional independence during hospitalization and recovery after the return home. The gender, previous hospitalization and presence of caregiver did not significantly influence the functional capacity of the elderly inpatients; however the increased number of prescribed medications between the admission and the discharge periods presented a moderate (r=0.5059) and a very significant correlation (p=0.0071) with functional decline in this period. Conclusion: There was a functional decrease in elderly inpatients during the hospitalization, being more significant among inpatients that had an increased number of prescribed medications during hospitalization. </subfield>
</datafield>
<datafield tag="260" ind1=" " ind2=" ">
<subfield code="b">Faculdade de Medicina, Universidade de São Paulo</subfield>
</datafield>
<dataField tag="260" ind1=" " ind2=" ">
<subfield code="c">2007-09-09 00:00:00</subfield>
</dataField>   <datafield tag="856" ind1=" " ind2=" ">
<subfield code="q">application/pdf</subfield>
</datafield>
<datafield tag="856" ind1=" " ind2=" ">
<subfield code="q">application/pdf</subfield>
</datafield>
<datafield tag="856" ind1="4" ind2="0">
<subfield code="u">https://www.revistas.usp.br/actafisiatrica/article/view/102826</subfield>
</datafield>  <datafield tag="786" ind1="0" ind2=" ">
<subfield code="n">Acta Fisiátrica; v. 14 n. 3 (2007)</subfield>
</datafield>  <datafield tag="546" ind1=" " ind2=" ">
<subfield code="a">eng</subfield>
</datafield>   <datafield tag="540" ind1=" " ind2=" ">
<subfield code="a">Copyright (c) 2007 Acta Fisiátrica</subfield>
</datafield>
</record>
</metadata>
</record>