
<record>
<header>
<identifier>oai:revistas.usp.br:article/102827</identifier>
<datestamp>2020-08-15T21:50:35Z</datestamp>
<setSpec>actafisiatrica:Art.+Orig.</setSpec>
<setSpec>driver</setSpec>
</header>
<metadata>
<record xmlns="http://www.loc.gov/MARC21/slim" xmlns:xsi="http://www.w3.org/2001/XMLSchema-instance" xsi:schemaLocation="http://www.loc.gov/MARC21/slim http://www.loc.gov/standards/marcxml/schema/MARC21slim.xsd">
<leader>     nmb a2200000Iu 4500</leader>
<controlfield tag="008">"070909 2007                        eng  "</controlfield>
<datafield tag="022" ind1="#" ind2="#">
<subfield code="$a">2317-0190</subfield>
</datafield>
<datafield tag="022" ind1="#" ind2="#">
<subfield code="$a">0104-7795</subfield>
</datafield>
<datafield tag="042" ind1=" " ind2=" ">
<subfield code="a">dc</subfield>
</datafield>
<datafield tag="245" ind1="0" ind2="0">
<subfield code="a">Elaboração, aplicação e avaliação de um programa de ensino de adaptação ao meio aquático para idosos</subfield>
</datafield>  <datafield tag="720" ind1="1" ind2=" ">
<subfield code="a">Candeloro, Juliana Monteiro</subfield>
<subfield code="u">Universidade de São Paulo. Faculdade de Medicina</subfield></datafield>
<datafield tag="720" ind1="1" ind2=" ">
<subfield code="a">Caromano, Fátima Aparecida</subfield>
<subfield code="u">Universidade de São Paulo. Faculdade de Medicina</subfield></datafield>
<datafield tag="520" ind1=" " ind2=" ">
<subfield code="a"> The present report presents an educational pool-therapy adaptation program, especially designed for this study, consisting of four sessions, aiming at learning skills that warrant motor independence (adaptation to the aquatic environment) during immersion, for elderly people. The adaptation to the aquatic environment is a prerequisite for the development of hydrotherapy intervention, due to the natural fear presented by these people to perform aquatic environment activities, common in this population, when they start hydrotherapy activities. The subjects of the present study consisted of 18 women, aged 65 to 70 years. Their performance during ten trained motor activities based on a previously designed plan was assessed as well as blood pressure and heart rate, as indicative factors of stress caused by performing activities in the aquatic environment. The assessment was carried out by the researcher and by an independent observer and the scores 1, 2 and 3 were assigned to each motor activity. The results showed that the group presented 89.7% of the expected learning outcomes when performing the motor activities at the end of the program, associated with decreased blood pressure when the first session is compared with the fourth. We conclude that the educational pool-therapy adaptation program for the elderly was enough to produce alterations in the motor responses of the participants, who presented independence in the aquatic environment, as well as establishing blood pressure and heart rate levels. </subfield>
</datafield>
<datafield tag="260" ind1=" " ind2=" ">
<subfield code="b">Faculdade de Medicina, Universidade de São Paulo</subfield>
</datafield>
<dataField tag="260" ind1=" " ind2=" ">
<subfield code="c">2007-09-09 00:00:00</subfield>
</dataField>   <datafield tag="856" ind1=" " ind2=" ">
<subfield code="q">application/pdf</subfield>
</datafield>
<datafield tag="856" ind1=" " ind2=" ">
<subfield code="q">application/pdf</subfield>
</datafield>
<datafield tag="856" ind1="4" ind2="0">
<subfield code="u">https://www.revistas.usp.br/actafisiatrica/article/view/102827</subfield>
</datafield>  <datafield tag="786" ind1="0" ind2=" ">
<subfield code="n">Acta Fisiátrica; v. 14 n. 3 (2007)</subfield>
</datafield>  <datafield tag="546" ind1=" " ind2=" ">
<subfield code="a">eng</subfield>
</datafield>   <datafield tag="540" ind1=" " ind2=" ">
<subfield code="a">Copyright (c) 2007 Acta Fisiátrica</subfield>
</datafield>
</record>
</metadata>
</record>