
<record>
<header>
<identifier>oai:revistas.usp.br:article/102835</identifier>
<datestamp>2020-08-15T21:54:46Z</datestamp>
<setSpec>actafisiatrica:Art.+Orig.</setSpec>
<setSpec>driver</setSpec>
</header>
<metadata>
<record xmlns="http://www.loc.gov/MARC21/slim" xmlns:xsi="http://www.w3.org/2001/XMLSchema-instance" xsi:schemaLocation="http://www.loc.gov/MARC21/slim http://www.loc.gov/standards/marcxml/schema/MARC21slim.xsd">
<leader>     nmb a2200000Iu 4500</leader>
<controlfield tag="008">"071209 2007                        eng  "</controlfield>
<datafield tag="022" ind1="#" ind2="#">
<subfield code="$a">2317-0190</subfield>
</datafield>
<datafield tag="022" ind1="#" ind2="#">
<subfield code="$a">0104-7795</subfield>
</datafield>
<datafield tag="042" ind1=" " ind2=" ">
<subfield code="a">dc</subfield>
</datafield>
<datafield tag="245" ind1="0" ind2="0">
<subfield code="a">Classificação neurofisiológica da Síndrome do Túnel do Carpo</subfield>
</datafield>  <datafield tag="720" ind1="1" ind2=" ">
<subfield code="a">Carvalho, Fabrício Nunes</subfield>
<subfield code="u">Instituto Fisiátrico de Goiás</subfield></datafield>
<datafield tag="720" ind1="1" ind2=" ">
<subfield code="a">Carneiro, Armando Pereira</subfield>
<subfield code="u">Hospital Arapiara</subfield></datafield>
<datafield tag="720" ind1="1" ind2=" ">
<subfield code="a">Paulinelli, Régis Resende</subfield>
<subfield code="u">Universidade Federal de Goiás</subfield></datafield>
<datafield tag="720" ind1="1" ind2=" ">
<subfield code="a">Carvalho, Tanise Nunes</subfield>
<subfield code="u">Universidade Federal de Goiás</subfield></datafield>
<datafield tag="520" ind1=" " ind2=" ">
<subfield code="a"> The aim of this study was to evaluate the clinical correlation of the neurophysiological scale of the Carpal Tunnel Syndrome (CTS). The hands were classified in 6 grades: minimum/grade 1 (comparative test / altered short segment, normal sensitive and motor conductions), mild/grade 2 (altered sensitive conduction, normal motor conduction), moderate/grade 3 (altered sensitive and motor conductions, normal sensitive amplitude), moderate/grade 4 (altered sensitive and motor conductions, low sensitive amplitude), severe/grade 5 (absent sensitive conduction, altered motor conduction) and extremely severe/grade 6 (absent sensitive and motor conductions). A prospective study was carried out in 400 hands with CTS. 56 hands (14%) were classified as grade 1,109 hands (27.3%) as grade 2, 129 hands (32.3%) as grade 3, 78 hands (19.5%) as grade 4, 22 hands (5.5%) as grade 5 and 6 hands (1.5%) as grade 6. There was a significant positive correlation (p &lt; 0.01) between the neurophysiological scale of CTS and the patients’ ages, the duration of CTS, the frequency of reported classical CTS history and the frequency of night pain symptoms, paresthesia and numbness. Additionally, there was a significant positive correlation between the neurophysiological scale and the frequency of Tinel`s sign, hypoesthesia on the 2nd digit, weakness and hypotrophy of the thenar muscles. </subfield>
</datafield>
<datafield tag="260" ind1=" " ind2=" ">
<subfield code="b">Faculdade de Medicina, Universidade de São Paulo</subfield>
</datafield>
<dataField tag="260" ind1=" " ind2=" ">
<subfield code="c">2007-12-09 00:00:00</subfield>
</dataField>   <datafield tag="856" ind1=" " ind2=" ">
<subfield code="q">application/pdf</subfield>
</datafield>
<datafield tag="856" ind1=" " ind2=" ">
<subfield code="q">application/pdf</subfield>
</datafield>
<datafield tag="856" ind1="4" ind2="0">
<subfield code="u">https://www.revistas.usp.br/actafisiatrica/article/view/102835</subfield>
</datafield>  <datafield tag="786" ind1="0" ind2=" ">
<subfield code="n">Acta Fisiátrica; v. 14 n. 4 (2007)</subfield>
</datafield>  <datafield tag="546" ind1=" " ind2=" ">
<subfield code="a">eng</subfield>
</datafield>   <datafield tag="540" ind1=" " ind2=" ">
<subfield code="a">Copyright (c) 2007 Acta Fisiátrica</subfield>
</datafield>
</record>
</metadata>
</record>