
<record>
<header>
<identifier>oai:revistas.usp.br:article/102862</identifier>
<datestamp>2020-08-15T21:54:50Z</datestamp>
<setSpec>actafisiatrica:Art.+Orig.</setSpec>
<setSpec>driver</setSpec>
</header>
<metadata>
<record xmlns="http://www.loc.gov/MARC21/slim" xmlns:xsi="http://www.w3.org/2001/XMLSchema-instance" xsi:schemaLocation="http://www.loc.gov/MARC21/slim http://www.loc.gov/standards/marcxml/schema/MARC21slim.xsd">
<leader>     nmb a2200000Iu 4500</leader>
<controlfield tag="008">"071209 2007                        eng  "</controlfield>
<datafield tag="022" ind1="#" ind2="#">
<subfield code="$a">2317-0190</subfield>
</datafield>
<datafield tag="022" ind1="#" ind2="#">
<subfield code="$a">0104-7795</subfield>
</datafield>
<datafield tag="042" ind1=" " ind2=" ">
<subfield code="a">dc</subfield>
</datafield>
<datafield tag="245" ind1="0" ind2="0">
<subfield code="a">Efeito de um programa de reabilitação multidisciplinar para homens portadores de fibromialgia: estudo aleatorizado controlado</subfield>
</datafield>  <datafield tag="720" ind1="1" ind2=" ">
<subfield code="a">Jorge, Liliana Lourenço</subfield>
<subfield code="u">Universidade de São Paulo. Faculdade de Medicina</subfield></datafield>
<datafield tag="720" ind1="1" ind2=" ">
<subfield code="a">Tomikawa, Luis Carlos Onoda</subfield>
<subfield code="u">Universidade de São Paulo. Faculdade de Medicina</subfield></datafield>
<datafield tag="720" ind1="1" ind2=" ">
<subfield code="a">Jucá, Sueli Satie Hamada</subfield>
<subfield code="u">Universidade de São Paulo. Faculdade de Medicina</subfield></datafield>
<datafield tag="520" ind1=" " ind2=" ">
<subfield code="a"> A fibromialgia (FM) é uma condição caracterizada por dor crônica generalizada, acompanhada de distúrbios do sono, fadiga e uma miríade de outros sintomas, com prevalência de 10% de homens. As diferenças de percepção de dor entre sexos e de apresentação da fibromialgia têm sido estudadas, suspeitando-se de influências genéticas, diferenças hormonais, metabólicas, cognitivo- comportamentais, emocionais. Fibromiálgicos possuem queixas menos objetivas, menos de distúrbio de sono, fadiga e dor generalizada. Há poucas evidências sobre características, prognóstico, método terapêutico e evolução da doença entre homens. Objetivos: Avaliar a eficácia de um programa multidisciplinar de reabilitação para pacientes do sexo masculino, em idade produtiva, portadores de fibromialgia e estudar as características desta doença em homens. Método: Vinte e cinco homens com diagnóstico de fibromialgia foram convidados. Dez foram utilizados e alocados aleatoriamente em um dos dois grupos definidos para o presente estudo. O grupo tratamento consistiu em orientação ambulatorial e um programa de reabilitação com duração de 2 meses, realizado por meio de aulas e terapias por: médico fisiatra, assistente social, psicóloga, fisioterapeuta, terapeuta ocupacional, enfermeira, nutricionista e educador físico. O grupo controle realizou tratamento padrão focado na orientação ambulatorial e para realização de atividades físicas na comunidade. A ambos os grupos foi realizado prescrição de medicamentos preconizados para fibromialgia. As medidas de avaliação foram: Escala Visual Analógica de Dor, SF 36, FIQ. Além disso, um protocolo padronizado foi preenchido por autor cegado, verificando presença de distúrbios depressivos de memória e de sono e situação profissional. As coletas de dados foram realizadas em 3 momentos: antes da intervenção, após e 4 meses depois da anterior. Foi realizada a análise estatística com testes não paramétricos e descritivos. Resultados: O grupo Tratamento apresentou melhora da EVA após a intervenção, mas que não se manteve no seguimento posterior. Houve diferença estatisticamente significante no domínio Dor da FIQ, domínios Dor, Saúde Mental e Vitalidade da SF 36, com melhora no grupo Tratamento à avaliação após. Não houve manutenção do benefício à avaliação final, 6 meses após a intervenção. As médias de idade foram 50,6 (Controle) e 44,2 (Tratamento), apresentaram alta taxa de afastamento no trabalho, depressão e distúrbio de sono, com valores constantes nas 3 avaliações. O número de pontos dolorosos não variou nos 3 momentos de avaliação. Conclusões: O programa de reabilitação tende a beneficiar homens portadores de fibromialgia a curto prazo, sendo que os efeitos sejam perdidos 6 meses após a intervenção. Tais achados são compatíveis com a literatura. São necessários novos estudos para verificar a efetividade do programa, avaliada por um seguimento mais prolongado e com amostragem adequada. A fibromialgia masculina e suas características específicas devem ser exploradas de modo aprofundado em outras pesquisas, especialmente verificando particularidades de apresentação clínica, comportamento evolutivo e aspectos sociais do paciente portador, já que tais elementos são fundamentais para a definição do programa ideal para homens. Recomendam-se estudos comparativos sobre reabilitação de homens e mulheres. </subfield>
</datafield>
<datafield tag="260" ind1=" " ind2=" ">
<subfield code="b">Faculdade de Medicina, Universidade de São Paulo</subfield>
</datafield>
<dataField tag="260" ind1=" " ind2=" ">
<subfield code="c">2007-12-09 00:00:00</subfield>
</dataField>   <datafield tag="856" ind1=" " ind2=" ">
<subfield code="q">application/pdf</subfield>
</datafield>
<datafield tag="856" ind1=" " ind2=" ">
<subfield code="q">application/pdf</subfield>
</datafield>
<datafield tag="856" ind1="4" ind2="0">
<subfield code="u">https://www.revistas.usp.br/actafisiatrica/article/view/102862</subfield>
</datafield>  <datafield tag="786" ind1="0" ind2=" ">
<subfield code="n">Acta Fisiátrica; v. 14 n. 4 (2007)</subfield>
</datafield>  <datafield tag="546" ind1=" " ind2=" ">
<subfield code="a">por</subfield>
</datafield>   <datafield tag="540" ind1=" " ind2=" ">
<subfield code="a">Copyright (c) 2007 Acta Fisiátrica</subfield>
</datafield>
</record>
</metadata>
</record>