
<record>
<header>
<identifier>oai:revistas.usp.br:article/102864</identifier>
<datestamp>2020-08-15T21:54:57Z</datestamp>
<setSpec>actafisiatrica:Art.+Orig.</setSpec>
<setSpec>driver</setSpec>
</header>
<metadata>
<record xmlns="http://www.loc.gov/MARC21/slim" xmlns:xsi="http://www.w3.org/2001/XMLSchema-instance" xsi:schemaLocation="http://www.loc.gov/MARC21/slim http://www.loc.gov/standards/marcxml/schema/MARC21slim.xsd">
<leader>     nmb a2200000Iu 4500</leader>
<controlfield tag="008">"071209 2007                        eng  "</controlfield>
<datafield tag="022" ind1="#" ind2="#">
<subfield code="$a">2317-0190</subfield>
</datafield>
<datafield tag="022" ind1="#" ind2="#">
<subfield code="$a">0104-7795</subfield>
</datafield>
<datafield tag="042" ind1=" " ind2=" ">
<subfield code="a">dc</subfield>
</datafield>
<datafield tag="245" ind1="0" ind2="0">
<subfield code="a">Estudo da hidroterapia em pacientes com síndrome pós-laminectomia – uma opção terapêutica?</subfield>
</datafield>  <datafield tag="720" ind1="1" ind2=" ">
<subfield code="a">Moreira, Vítor Manuel Presa Varandas</subfield>
</datafield>
<datafield tag="720" ind1="1" ind2=" ">
<subfield code="a">Tizon, Sónia</subfield>
</datafield>
<datafield tag="720" ind1="1" ind2=" ">
<subfield code="a">Pereira, Tânia</subfield>
</datafield>
<datafield tag="720" ind1="1" ind2=" ">
<subfield code="a">Marques, Isabel</subfield>
</datafield>
<datafield tag="720" ind1="1" ind2=" ">
<subfield code="a">Antunes, Filipe José Ribeiro</subfield>
</datafield>
<datafield tag="520" ind1=" " ind2=" ">
<subfield code="a"> The study was carried out to evaluate the efficacy of hydrotherapy on “failed back surgery syndrome”. Eight participants were assigned to an aquatic exercise group. The analgesic medication was withdrawn during the study. Evaluation parameters included the results of the Visual Analogue Scale (VAS) score and spine mobility. The patients were assessed at baseline and at the end of the 6-week follow-up period. The results showed that hydrotherapy had a positive impact on the outcome of chronic post-surgical low back pain. After 6 weeks of hydrotherapy, without analgesic medication, the overall mobility of the spine improved and back pain decreased. We conclude that aquatic exercises may positively impact the outcome of “failed back surgery syndrome”, probably remaining one of the few successful measures in the management of this kind of patient. </subfield>
</datafield>
<datafield tag="260" ind1=" " ind2=" ">
<subfield code="b">Faculdade de Medicina, Universidade de São Paulo</subfield>
</datafield>
<dataField tag="260" ind1=" " ind2=" ">
<subfield code="c">2007-12-09 00:00:00</subfield>
</dataField>   <datafield tag="856" ind1=" " ind2=" ">
<subfield code="q">application/pdf</subfield>
</datafield>
<datafield tag="856" ind1="4" ind2="0">
<subfield code="u">https://www.revistas.usp.br/actafisiatrica/article/view/102864</subfield>
</datafield>  <datafield tag="786" ind1="0" ind2=" ">
<subfield code="n">Acta Fisiátrica; v. 14 n. 4 (2007)</subfield>
</datafield>  <datafield tag="546" ind1=" " ind2=" ">
<subfield code="a">eng</subfield>
</datafield>   <datafield tag="540" ind1=" " ind2=" ">
<subfield code="a">Copyright (c) 2007 Acta Fisiátrica</subfield>
</datafield>
</record>
</metadata>
</record>