
<record>
<header>
<identifier>oai:revistas.usp.br:article/102865</identifier>
<datestamp>2020-08-15T21:55:04Z</datestamp>
<setSpec>actafisiatrica:Art.+Orig.</setSpec>
<setSpec>driver</setSpec>
</header>
<metadata>
<record xmlns="http://www.loc.gov/MARC21/slim" xmlns:xsi="http://www.w3.org/2001/XMLSchema-instance" xsi:schemaLocation="http://www.loc.gov/MARC21/slim http://www.loc.gov/standards/marcxml/schema/MARC21slim.xsd">
<leader>     nmb a2200000Iu 4500</leader>
<controlfield tag="008">"071209 2007                        eng  "</controlfield>
<datafield tag="022" ind1="#" ind2="#">
<subfield code="$a">2317-0190</subfield>
</datafield>
<datafield tag="022" ind1="#" ind2="#">
<subfield code="$a">0104-7795</subfield>
</datafield>
<datafield tag="042" ind1=" " ind2=" ">
<subfield code="a">dc</subfield>
</datafield>
<datafield tag="245" ind1="0" ind2="0">
<subfield code="a">Análise da confiabilidade entre-examinadores de dois instrumentos que mensuram a amplitude de movimento de flexão da coluna lombar</subfield>
</datafield>  <datafield tag="720" ind1="1" ind2=" ">
<subfield code="a">Souza Filho, José Carlos Taveira de</subfield>
<subfield code="u">Pontifícia Universidade Católica de Minas Gerais</subfield></datafield>
<datafield tag="720" ind1="1" ind2=" ">
<subfield code="a">Abras, Ana Carolina do Vale</subfield>
<subfield code="u">Pontifícia Universidade Católica de Minas Gerais</subfield></datafield>
<datafield tag="720" ind1="1" ind2=" ">
<subfield code="a">Carvalho, Maíra Teixeira</subfield>
<subfield code="u">Pontifícia Universidade Católica de Minas Gerais</subfield></datafield>
<datafield tag="720" ind1="1" ind2=" ">
<subfield code="a">Souza, Miliany Graziele Fonseca</subfield>
<subfield code="u">Pontifícia Universidade Católica de Minas Gerais</subfield></datafield>
<datafield tag="720" ind1="1" ind2=" ">
<subfield code="a">Souza, André Taveira de</subfield>
<subfield code="u">Pontifícia Universidade Católica de Minas Gerais</subfield></datafield>
<datafield tag="720" ind1="1" ind2=" ">
<subfield code="a">Costa, Leonardo Oliveira Pena</subfield>
<subfield code="u">Pontifícia Universidade Católica de Minas Gerais</subfield></datafield>
<datafield tag="520" ind1=" " ind2=" ">
<subfield code="a"> The measurement of the flexion range of motion of the lumbar spine is a common practice in clinical settings. Many methods are used to carry out these measurements, such as the Back Range of Motion Inclinometer (BROMII ) and the Flexible Ruler methods. Objective and methods: The aim of this study was to analyze the interexaminer reliability for the measurement of the lumbar spine flexion by using the BROMII and the Flexible Ruler methods. Thirty-seven physical therapy students were recruited as volunteers and a double-blind test-retest study design was carried out. Results: The results showed moderate reliability of the BROMII measurements [ICC (2.1) 0.71 (95%CI 0.49-0.84) p&lt;0.000]; however, the reliability of the Flexible Ruler measurements was poor [ICC(2.1) 0.37 (95%CI 0.06-0.62), p&lt;0.012]. Conclusion: The BROM II presented sufficient reliability to be performed in clinical practice. </subfield>
</datafield>
<datafield tag="260" ind1=" " ind2=" ">
<subfield code="b">Faculdade de Medicina, Universidade de São Paulo</subfield>
</datafield>
<dataField tag="260" ind1=" " ind2=" ">
<subfield code="c">2007-12-09 00:00:00</subfield>
</dataField>   <datafield tag="856" ind1=" " ind2=" ">
<subfield code="q">application/pdf</subfield>
</datafield>
<datafield tag="856" ind1=" " ind2=" ">
<subfield code="q">application/pdf</subfield>
</datafield>
<datafield tag="856" ind1="4" ind2="0">
<subfield code="u">https://www.revistas.usp.br/actafisiatrica/article/view/102865</subfield>
</datafield>  <datafield tag="786" ind1="0" ind2=" ">
<subfield code="n">Acta Fisiátrica; v. 14 n. 4 (2007)</subfield>
</datafield>  <datafield tag="546" ind1=" " ind2=" ">
<subfield code="a">eng</subfield>
</datafield>   <datafield tag="540" ind1=" " ind2=" ">
<subfield code="a">Copyright (c) 2007 Acta Fisiátrica</subfield>
</datafield>
</record>
</metadata>
</record>