
<record>
<header>
<identifier>oai:revistas.usp.br:article/102866</identifier>
<datestamp>2020-08-15T21:55:09Z</datestamp>
<setSpec>actafisiatrica:Art.+Orig.</setSpec>
<setSpec>driver</setSpec>
</header>
<metadata>
<record xmlns="http://www.loc.gov/MARC21/slim" xmlns:xsi="http://www.w3.org/2001/XMLSchema-instance" xsi:schemaLocation="http://www.loc.gov/MARC21/slim http://www.loc.gov/standards/marcxml/schema/MARC21slim.xsd">
<leader>     nmb a2200000Iu 4500</leader>
<controlfield tag="008">"071209 2007                        eng  "</controlfield>
<datafield tag="022" ind1="#" ind2="#">
<subfield code="$a">2317-0190</subfield>
</datafield>
<datafield tag="022" ind1="#" ind2="#">
<subfield code="$a">0104-7795</subfield>
</datafield>
<datafield tag="042" ind1=" " ind2=" ">
<subfield code="a">dc</subfield>
</datafield>
<datafield tag="245" ind1="0" ind2="0">
<subfield code="a">Preditores de independência funcional em idosos portadores de insuficiência cardíaca</subfield>
</datafield>  <datafield tag="720" ind1="1" ind2=" ">
<subfield code="a">Scattolin, Fátima Ayres de Araújo</subfield>
<subfield code="u">Pontifícia Universidade Católica de São Paulo</subfield></datafield>
<datafield tag="720" ind1="1" ind2=" ">
<subfield code="a">Colombo, Roberta Cunha Rodrigues</subfield>
<subfield code="u">Universidade Estadual de Campinas</subfield></datafield>
<datafield tag="720" ind1="1" ind2=" ">
<subfield code="a">Diogo, Maria José D’Elboux</subfield>
<subfield code="u">Universidade Estadual de Campinas</subfield></datafield>
<datafield tag="520" ind1=" " ind2=" ">
<subfield code="a"> Objective: The aim of this study was to identify the functional independence predictors in elderly patients with heart failure (HF). Design and Methods: Exploratory, descriptive and transversal study with 146 elderly outpatients with heart failure referred to hospitals in São Paulo. Two instruments were used for the data collection: the Sociodemographic and Clinical Instrument and The Functional Independence Measure (FIM). Descriptive and comparative statistical analyses were used (Kruskal-Wallis), as well as univariate and multiple regression analyses. Results: 52.0% of the patients were males, with a mean age of 68.6 (±6.9) years and 3.4(±2.8) years of education, with 3.9 (±1.7) comorbidities, 3.5 (±1.4) symptoms, with a predominance of NYHA class I or II (65%) and 67% with decreased left ventricular ejection fraction (LVEF). High FIM scores were observed, demonstrating the functional independence of the studied patients. The comparison between FIM scores and NYHA classes showed that a worse FIM score correlated with a progression in the NYHA class. The multiple regression analysis showed that the NYHA classes, years of education and age older than 80 years were predictors of functional independence, explaining 35.0% of the FIM variability. Conclusion: The variables NYHA class, age older than 80 years and higher level of education were predictors of functional independence and this fact suggests the importance of interventions that favor the detection </subfield>
</datafield>
<datafield tag="260" ind1=" " ind2=" ">
<subfield code="b">Faculdade de Medicina, Universidade de São Paulo</subfield>
</datafield>
<dataField tag="260" ind1=" " ind2=" ">
<subfield code="c">2007-12-09 00:00:00</subfield>
</dataField>   <datafield tag="856" ind1=" " ind2=" ">
<subfield code="q">application/pdf</subfield>
</datafield>
<datafield tag="856" ind1=" " ind2=" ">
<subfield code="q">application/pdf</subfield>
</datafield>
<datafield tag="856" ind1="4" ind2="0">
<subfield code="u">https://www.revistas.usp.br/actafisiatrica/article/view/102866</subfield>
</datafield>  <datafield tag="786" ind1="0" ind2=" ">
<subfield code="n">Acta Fisiátrica; v. 14 n. 4 (2007)</subfield>
</datafield>  <datafield tag="546" ind1=" " ind2=" ">
<subfield code="a">eng</subfield>
</datafield>   <datafield tag="540" ind1=" " ind2=" ">
<subfield code="a">Copyright (c) 2007 Acta Fisiátrica</subfield>
</datafield>
</record>
</metadata>
</record>