
<record>
<header>
<identifier>oai:revistas.usp.br:article/102868</identifier>
<datestamp>2020-08-15T21:55:13Z</datestamp>
<setSpec>actafisiatrica:Art.+Orig.</setSpec>
<setSpec>driver</setSpec>
</header>
<metadata>
<record xmlns="http://www.loc.gov/MARC21/slim" xmlns:xsi="http://www.w3.org/2001/XMLSchema-instance" xsi:schemaLocation="http://www.loc.gov/MARC21/slim http://www.loc.gov/standards/marcxml/schema/MARC21slim.xsd">
<leader>     nmb a2200000Iu 4500</leader>
<controlfield tag="008">"071209 2007                        eng  "</controlfield>
<datafield tag="022" ind1="#" ind2="#">
<subfield code="$a">2317-0190</subfield>
</datafield>
<datafield tag="022" ind1="#" ind2="#">
<subfield code="$a">0104-7795</subfield>
</datafield>
<datafield tag="042" ind1=" " ind2=" ">
<subfield code="a">dc</subfield>
</datafield>
<datafield tag="245" ind1="0" ind2="0">
<subfield code="a">A hidroginástica como meio para manutenção da qualidade de vida e saúde do idoso</subfield>
</datafield>  <datafield tag="720" ind1="1" ind2=" ">
<subfield code="a">Teixeira, Clarissa Stefani</subfield>
<subfield code="u">Universidade Federal de Santa Maria</subfield></datafield>
<datafield tag="720" ind1="1" ind2=" ">
<subfield code="a">Pereira, Érico Felden</subfield>
<subfield code="u">Universidade Federal de Santa Maria</subfield></datafield>
<datafield tag="720" ind1="1" ind2=" ">
<subfield code="a">Rossi, Angela Garcia</subfield>
<subfield code="u">Universidade Federal de Santa Maria</subfield></datafield>
<datafield tag="520" ind1=" " ind2=" ">
<subfield code="a"> Evidências científicas apontam para os importantes benefícios da prática de atividades físicas para os idosos, considerando sua mobilidade, saúde física e mental e qualidade de vida. A hidroginástica tem sido apontada como uma alternativa para inserção dos idosos nas práticas corporais e para a promoção de um estilo de vida mais ativo e saudável, mas, que, ainda carece de maiores investigações sobre seu real efeito sobre a saúde e a qualidade de vida dessa população e principalmente, metodologias de trabalho para esse fim. Desta forma, esta pesquisa bibliográfica objetivou realizar uma busca de estudos sobre hidroginástica para a terceira idade, discutindo e apresentando seus resultados, buscando relações com a promoção da saúde e qualidade de vida dessa população. As leituras nos permitiram vislumbrar que a hidroginástica favorece o desenvolvimento de algumas importantes qualidades físicas como resistência cardiorrespiratória, força e flexibilidade. Como qualquer outra forma de exercitação, deve ser praticada de forma contínua, principalmente, considerando indivíduos na terceira idade e pode também ser unida a atividades de relaxamento e recreação. As relações da prática da hidroginástica com a saúde dos idosos nos estudos analisados consideraram principalmente o desempenho em testes motores o que remete a necessidade de estudos que analisem também as repercussões dessas práticas sobre a qualidade de vida enquanto uma percepção de bem estar dos idosos. </subfield>
</datafield>
<datafield tag="260" ind1=" " ind2=" ">
<subfield code="b">Faculdade de Medicina, Universidade de São Paulo</subfield>
</datafield>
<dataField tag="260" ind1=" " ind2=" ">
<subfield code="c">2007-12-09 00:00:00</subfield>
</dataField>   <datafield tag="856" ind1=" " ind2=" ">
<subfield code="q">application/pdf</subfield>
</datafield>
<datafield tag="856" ind1="4" ind2="0">
<subfield code="u">https://www.revistas.usp.br/actafisiatrica/article/view/102868</subfield>
</datafield>  <datafield tag="786" ind1="0" ind2=" ">
<subfield code="n">Acta Fisiátrica; v. 14 n. 4 (2007)</subfield>
</datafield>  <datafield tag="546" ind1=" " ind2=" ">
<subfield code="a">por</subfield>
</datafield>   <datafield tag="540" ind1=" " ind2=" ">
<subfield code="a">Copyright (c) 2007 Acta Fisiátrica</subfield>
</datafield>
</record>
</metadata>
</record>