
<record>
<header>
<identifier>oai:revistas.usp.br:article/102870</identifier>
<datestamp>2020-08-15T21:55:23Z</datestamp>
<setSpec>actafisiatrica:Rel.+Caso</setSpec>
<setSpec>driver</setSpec>
</header>
<metadata>
<record xmlns="http://www.loc.gov/MARC21/slim" xmlns:xsi="http://www.w3.org/2001/XMLSchema-instance" xsi:schemaLocation="http://www.loc.gov/MARC21/slim http://www.loc.gov/standards/marcxml/schema/MARC21slim.xsd">
<leader>     nmb a2200000Iu 4500</leader>
<controlfield tag="008">"071209 2007                        eng  "</controlfield>
<datafield tag="022" ind1="#" ind2="#">
<subfield code="$a">2317-0190</subfield>
</datafield>
<datafield tag="022" ind1="#" ind2="#">
<subfield code="$a">0104-7795</subfield>
</datafield>
<datafield tag="042" ind1=" " ind2=" ">
<subfield code="a">dc</subfield>
</datafield>
<datafield tag="245" ind1="0" ind2="0">
<subfield code="a">Efeitos da reabilitação precoce no desfecho da reabilitação pós-acidente vascular encefálico (AVE) em mulheres com mais de 65 anos e sua correlação com a gravidade do deficit neurológico inicial</subfield>
</datafield>  <datafield tag="720" ind1="1" ind2=" ">
<subfield code="a">Nikcevic, Ljubica</subfield>
<subfield code="u">Hospital Saint Sava, Belgrade</subfield></datafield>
<datafield tag="720" ind1="1" ind2=" ">
<subfield code="a">Savic, Milan</subfield>
<subfield code="u">Hospital Saint Sava, Belgrade</subfield></datafield>
<datafield tag="720" ind1="1" ind2=" ">
<subfield code="a">Zaric, Nevenka</subfield>
<subfield code="u">Hospital Saint Sava, Belgrade</subfield></datafield>
<datafield tag="720" ind1="1" ind2=" ">
<subfield code="a">Nikolic, Dejan</subfield>
<subfield code="u">University of Belgrade</subfield></datafield>
<datafield tag="720" ind1="1" ind2=" ">
<subfield code="a">Plavsic, Aleksandra</subfield>
<subfield code="u">Military Medical Academy</subfield></datafield>
<datafield tag="720" ind1="1" ind2=" ">
<subfield code="a">Mujovic, Natasa</subfield>
<subfield code="u">Clinical Center of Serbia</subfield></datafield>
<datafield tag="520" ind1=" " ind2=" ">
<subfield code="a"> This study aims at verifying the effects of short- and long-term rehabilitation on the outcome of encephalic vascular accident (EVA) in women older than 65 years; establishing the correlation between the impact of the neurological deficit severity on the prediction of the rehabilitation treatment outcome as well as investigating the possibility of the follow-up of individual parameters at the Functional Independence Measure (FIM) when predicting the EVA rehabilitation outcome. The EVA is currently the third major cause of death in the world’s population, as well as the main cause of permanent disability. In the present scenario, cardiovascular and cerebrovascular diseases, which used to be observed almost exclusively in the male population, now affect the female population as well. On the other hand, we observe a linear correlation between aging and the occurrence of these diseases. We conclude that the implementation of early rehabilitation leads to a significant acceleration in the treatment and recovery process post-EVA in women older than 65 years. We also conclude that certain FIM parameters can be used to predict the patient’s overall recovery, as they present the same evolution pattern. </subfield>
</datafield>
<datafield tag="260" ind1=" " ind2=" ">
<subfield code="b">Faculdade de Medicina, Universidade de São Paulo</subfield>
</datafield>
<dataField tag="260" ind1=" " ind2=" ">
<subfield code="c">2007-12-09 00:00:00</subfield>
</dataField>   <datafield tag="856" ind1=" " ind2=" ">
<subfield code="q">application/pdf</subfield>
</datafield>
<datafield tag="856" ind1="4" ind2="0">
<subfield code="u">https://www.revistas.usp.br/actafisiatrica/article/view/102870</subfield>
</datafield>  <datafield tag="786" ind1="0" ind2=" ">
<subfield code="n">Acta Fisiátrica; v. 14 n. 4 (2007)</subfield>
</datafield>  <datafield tag="546" ind1=" " ind2=" ">
<subfield code="a">eng</subfield>
</datafield>   <datafield tag="540" ind1=" " ind2=" ">
<subfield code="a">Copyright (c) 2007 Acta Fisiátrica</subfield>
</datafield>
</record>
</metadata>
</record>