
<record>
<header>
<identifier>oai:revistas.usp.br:article/102894</identifier>
<datestamp>2019-11-27T21:03:49Z</datestamp>
<setSpec>actafisiatrica:Art.+Orig.</setSpec>
<setSpec>driver</setSpec>
</header>
<metadata>
<record xmlns="http://www.loc.gov/MARC21/slim" xmlns:xsi="http://www.w3.org/2001/XMLSchema-instance" xsi:schemaLocation="http://www.loc.gov/MARC21/slim http://www.loc.gov/standards/marcxml/schema/MARC21slim.xsd">
<leader>     nmb a2200000Iu 4500</leader>
<controlfield tag="008">"080309 2008                        eng  "</controlfield>
<datafield tag="022" ind1="#" ind2="#">
<subfield code="$a">2317-0190</subfield>
</datafield>
<datafield tag="022" ind1="#" ind2="#">
<subfield code="$a">0104-7795</subfield>
</datafield>
<datafield tag="042" ind1=" " ind2=" ">
<subfield code="a">dc</subfield>
</datafield>
<datafield tag="245" ind1="0" ind2="0">
<subfield code="a">Resultados do core set da CIF de dor crônica generalizada em mulheres com fibromialgia no Brasil</subfield>
</datafield>  <datafield tag="720" ind1="1" ind2=" ">
<subfield code="a">Riberto, Marcelo</subfield>
<subfield code="u">Universidade de São Paulo. Faculdade de Medicina</subfield><subfield code="0">https://orcid.org/0000-0001-9549-8830</subfield></datafield>
<datafield tag="720" ind1="1" ind2=" ">
<subfield code="a">Saron, Thais Rodrigues Pato</subfield>
<subfield code="u">Universidade de São Paulo. Faculdade de Medicina</subfield></datafield>
<datafield tag="720" ind1="1" ind2=" ">
<subfield code="a">Battistella, Linamara Rizzo</subfield>
<subfield code="u">Universidade de São Paulo. Faculdade de Medicina</subfield><subfield code="0">https://orcid.org/0000-0001-5275-0733</subfield></datafield>
<datafield tag="520" ind1=" " ind2=" ">
<subfield code="a"> The International Classification of Functioning, Disability and Health (ICF) was developed by the World Health Organization to standardize the terminology used to describe disabling situations. The ICF core set for chronic widespread pain (CWP) is a resource derived from the ICF that systematizes and speeds up the functioning description of persons with CWP, with the objective of supplying information for public health reports and to guide rehabilitation interventions. The present study aimed at describing the results of the use of the ICF core set for CWP in a sample of 29 female patients with fibromyalgia that finished the multidisciplinary rehabilitation program. The core set categories in which 30% or more of the patients were considered without problems were classified as “non-relevant” for the description of functioning in people with this health condition. In all, 58.2% of the categories of the core set were classified as “nonrelevant”, corresponding to 43.5% of the body functions, 51.8% of the activities and participations and 68.8% of environmental factors. These findings might have been strongly influenced by the fact that the patients were pre-selected for participating in group activities, which presupposes better emotional and interpersonal relationship conditions. The fact that they had finished a therapeutic program with group psychotherapy and physical conditioning activities might also have favored the performance in psychological activities and functioning as well as relationship and several physical activities. Although these findings show an unfavorable result for the validation of the ICF core set for CWP, the characteristics of the studied sample do not allow its generalization. </subfield>
</datafield>
<datafield tag="260" ind1=" " ind2=" ">
<subfield code="b">Faculdade de Medicina, Universidade de São Paulo</subfield>
</datafield>
<dataField tag="260" ind1=" " ind2=" ">
<subfield code="c">2008-03-09 00:00:00</subfield>
</dataField>   <datafield tag="856" ind1=" " ind2=" ">
<subfield code="q">application/pdf</subfield>
</datafield>
<datafield tag="856" ind1=" " ind2=" ">
<subfield code="q">application/pdf</subfield>
</datafield>
<datafield tag="856" ind1="4" ind2="0">
<subfield code="u">https://www.revistas.usp.br/actafisiatrica/article/view/102894</subfield>
</datafield>  <datafield tag="786" ind1="0" ind2=" ">
<subfield code="n">Acta Fisiátrica; v. 15 n. 1 (2008)</subfield>
</datafield>  <datafield tag="546" ind1=" " ind2=" ">
<subfield code="a">eng</subfield>
</datafield>   <datafield tag="540" ind1=" " ind2=" ">
<subfield code="a">Copyright (c) 2008 Acta Fisiátrica</subfield>
</datafield>
</record>
</metadata>
</record>