
<record>
<header>
<identifier>oai:revistas.usp.br:article/102896</identifier>
<datestamp>2019-11-27T21:12:05Z</datestamp>
<setSpec>actafisiatrica:Art.+Orig.</setSpec>
<setSpec>driver</setSpec>
</header>
<metadata>
<record xmlns="http://www.loc.gov/MARC21/slim" xmlns:xsi="http://www.w3.org/2001/XMLSchema-instance" xsi:schemaLocation="http://www.loc.gov/MARC21/slim http://www.loc.gov/standards/marcxml/schema/MARC21slim.xsd">
<leader>     nmb a2200000Iu 4500</leader>
<controlfield tag="008">"080309 2008                        eng  "</controlfield>
<datafield tag="022" ind1="#" ind2="#">
<subfield code="$a">2317-0190</subfield>
</datafield>
<datafield tag="022" ind1="#" ind2="#">
<subfield code="$a">0104-7795</subfield>
</datafield>
<datafield tag="042" ind1=" " ind2=" ">
<subfield code="a">dc</subfield>
</datafield>
<datafield tag="245" ind1="0" ind2="0">
<subfield code="a">Qualidade de vida em diabetes mellitus e Classificação Internacional de Funcionalidade, Incapacidade e Saúde: estudo de alguns aspectos</subfield>
</datafield>  <datafield tag="720" ind1="1" ind2=" ">
<subfield code="a">Castro, Carmen Lucia Natividade de</subfield>
<subfield code="u">Universidade Federal do Rio de Janeiro</subfield></datafield>
<datafield tag="720" ind1="1" ind2=" ">
<subfield code="a">Braulio, Valeria Bender</subfield>
<subfield code="u">Universidade Federal do Rio de Janeiro</subfield></datafield>
<datafield tag="720" ind1="1" ind2=" ">
<subfield code="a">Dantas, Frederico Adolfo Lyra</subfield>
<subfield code="u">Universidade Federal do Rio de Janeiro</subfield></datafield>
<datafield tag="720" ind1="1" ind2=" ">
<subfield code="a">Couto, Ana Paula Cony Barros</subfield>
<subfield code="u">Universidade Federal do Rio de Janeiro</subfield></datafield>
<datafield tag="520" ind1=" " ind2=" ">
<subfield code="a"> Diabetes mellitus (DM) can have a profound impact on the patients’ quality of life and the International Classification on Functioning, Disability and Health (ICF) is a valid tool to verify the influence of the health components on quality of life. Objective: The aim of this study is to present the frequency distribution of the ICF categories of the summarized Core Set for DM with severe involvement in a group of patients whose quality of life was deeply affected by DM. Methods: A total of 38 patients with DM were studied, of whom 76.3 % had DM2 and 23.7% had DM1, using the clinical data, information on the quality of life associated to DM from the AddQoL questionnaire and the disability associated to diabetes: categories of the summarized Core Set of the ICF with severe and complete involvement and categories of which information was insufficient to specify the severity of the involvement. Statistical analysis: The descriptive analysis of the data was performed. Results: The bodily function categories that were more severely affected were b130, b210, b530, b540; categories of body structures were s220, s410, s740; of activities/participation were d240, d570 and of environmental factors were e110, e115. The least classified structures were the pancreas (s550), ocular globe (s220) and parasympathetic nervous system (s150). Conclusion: In the studied group of patients with DM that presented chronic complications, inadequate metabolic control and quality of life that was deeply affected by the disease, the presence of disability in self-care and environmental barriers suggests that these factors can contribute to a worsening in the quality of life, although bodily function and structure involvements were the most prevalent ones. </subfield>
</datafield>
<datafield tag="260" ind1=" " ind2=" ">
<subfield code="b">Faculdade de Medicina, Universidade de São Paulo</subfield>
</datafield>
<dataField tag="260" ind1=" " ind2=" ">
<subfield code="c">2008-03-09 00:00:00</subfield>
</dataField>   <datafield tag="856" ind1=" " ind2=" ">
<subfield code="q">application/pdf</subfield>
</datafield>
<datafield tag="856" ind1=" " ind2=" ">
<subfield code="q">application/pdf</subfield>
</datafield>
<datafield tag="856" ind1="4" ind2="0">
<subfield code="u">https://www.revistas.usp.br/actafisiatrica/article/view/102896</subfield>
</datafield>  <datafield tag="786" ind1="0" ind2=" ">
<subfield code="n">Acta Fisiátrica; v. 15 n. 1 (2008)</subfield>
</datafield>  <datafield tag="546" ind1=" " ind2=" ">
<subfield code="a">eng</subfield>
</datafield>   <datafield tag="540" ind1=" " ind2=" ">
<subfield code="a">Copyright (c) 2008 Acta Fisiátrica</subfield>
</datafield>
</record>
</metadata>
</record>