
<record>
<header>
<identifier>oai:revistas.usp.br:article/102900</identifier>
<datestamp>2019-11-27T21:21:54Z</datestamp>
<setSpec>actafisiatrica:Art.+Orig.</setSpec>
<setSpec>driver</setSpec>
</header>
<metadata>
<record xmlns="http://www.loc.gov/MARC21/slim" xmlns:xsi="http://www.w3.org/2001/XMLSchema-instance" xsi:schemaLocation="http://www.loc.gov/MARC21/slim http://www.loc.gov/standards/marcxml/schema/MARC21slim.xsd">
<leader>     nmb a2200000Iu 4500</leader>
<controlfield tag="008">"080309 2008                        eng  "</controlfield>
<datafield tag="022" ind1="#" ind2="#">
<subfield code="$a">2317-0190</subfield>
</datafield>
<datafield tag="022" ind1="#" ind2="#">
<subfield code="$a">0104-7795</subfield>
</datafield>
<datafield tag="042" ind1=" " ind2=" ">
<subfield code="a">dc</subfield>
</datafield>
<datafield tag="245" ind1="0" ind2="0">
<subfield code="a">A formação fisioterapêutica no campo da ortopedia: uma visão crítica sob a óptica da funcionalidade</subfield>
</datafield>  <datafield tag="720" ind1="1" ind2=" ">
<subfield code="a">Silva, Ana Clarissa Lopes</subfield>
<subfield code="u">Universidade Católica de Salvador</subfield></datafield>
<datafield tag="720" ind1="1" ind2=" ">
<subfield code="a">Neves, Robson da Fonseca</subfield>
<subfield code="u">Universidade Católica de Salvador</subfield></datafield>
<datafield tag="720" ind1="1" ind2=" ">
<subfield code="a">Riberto, Marcelo</subfield>
<subfield code="u">Universidade de São Paulo. Faculdade de Medicina</subfield><subfield code="0">https://orcid.org/0000-0001-9549-8830</subfield></datafield>
<datafield tag="520" ind1=" " ind2=" ">
<subfield code="a"> The World Health Organization published the International Classification of Functioning, Disability and Health (ICF) in 2001. This reflected the change from a disease-centered approach to an emphasis on functioning as a component of health. Objective: this study discusses the challenges faced by the physical therapy education regarding the implementation and application of the concept of functioning in the rehabilitation of orthopedic outpatients. Methods: a total of 93 physical therapy patient records with musculoskeletal disorders were analyzed and information was obtained based on a form that had predefined ICF categories. The data analysis was carried out with the statistical package EPIINFO 6.04. Results: the records, filled out by physical therapy students, reported and described disorders of body functions at a higher frequency when compared to the activities and participation or the influence of the environmental factors on the patients’ functioning. Conclusion: the results showed that the physical therapy students focused their attention mainly on body functions and structures, based on their biomedical background. The lack of information about other components of functioning indicate that there is still a disconnection between the more modern concepts of functioning and the physical therapy background in the field of orthopedics. </subfield>
</datafield>
<datafield tag="260" ind1=" " ind2=" ">
<subfield code="b">Faculdade de Medicina, Universidade de São Paulo</subfield>
</datafield>
<dataField tag="260" ind1=" " ind2=" ">
<subfield code="c">2008-03-09 00:00:00</subfield>
</dataField>   <datafield tag="856" ind1=" " ind2=" ">
<subfield code="q">application/pdf</subfield>
</datafield>
<datafield tag="856" ind1=" " ind2=" ">
<subfield code="q">application/pdf</subfield>
</datafield>
<datafield tag="856" ind1="4" ind2="0">
<subfield code="u">https://www.revistas.usp.br/actafisiatrica/article/view/102900</subfield>
</datafield>  <datafield tag="786" ind1="0" ind2=" ">
<subfield code="n">Acta Fisiátrica; v. 15 n. 1 (2008)</subfield>
</datafield>  <datafield tag="546" ind1=" " ind2=" ">
<subfield code="a">eng</subfield>
</datafield>   <datafield tag="540" ind1=" " ind2=" ">
<subfield code="a">Copyright (c) 2008 Acta Fisiátrica</subfield>
</datafield>
</record>
</metadata>
</record>