
<record>
<header>
<identifier>oai:revistas.usp.br:article/102901</identifier>
<datestamp>2019-11-27T21:33:21Z</datestamp>
<setSpec>actafisiatrica:Art.+Orig.</setSpec>
<setSpec>driver</setSpec>
</header>
<metadata>
<record xmlns="http://www.loc.gov/MARC21/slim" xmlns:xsi="http://www.w3.org/2001/XMLSchema-instance" xsi:schemaLocation="http://www.loc.gov/MARC21/slim http://www.loc.gov/standards/marcxml/schema/MARC21slim.xsd">
<leader>     nmb a2200000Iu 4500</leader>
<controlfield tag="008">"080309 2008                        eng  "</controlfield>
<datafield tag="022" ind1="#" ind2="#">
<subfield code="$a">2317-0190</subfield>
</datafield>
<datafield tag="022" ind1="#" ind2="#">
<subfield code="$a">0104-7795</subfield>
</datafield>
<datafield tag="042" ind1=" " ind2=" ">
<subfield code="a">dc</subfield>
</datafield>
<datafield tag="245" ind1="0" ind2="0">
<subfield code="a">Utilização da Classificação Internacional de Funcionalidade, Incapacidade e Saúde na avaliação fisioterapêutica de indivíduos com problemas musculoesqueléticos nos membros inferiores e região lombar</subfield>
</datafield>  <datafield tag="720" ind1="1" ind2=" ">
<subfield code="a">Sabino, George Schayer</subfield>
<subfield code="u">Centro Universitário Newton Paiva</subfield></datafield>
<datafield tag="720" ind1="1" ind2=" ">
<subfield code="a">Coelho, Cecília Martins</subfield>
<subfield code="u">Universidade Federal de Minas Gerais</subfield></datafield>
<datafield tag="720" ind1="1" ind2=" ">
<subfield code="a">Sampaio, Rosana Ferreira</subfield>
<subfield code="u">Universidade Federal de Minas Gerais</subfield></datafield>
<datafield tag="520" ind1=" " ind2=" ">
<subfield code="a"> The structure and contents of the International Classification of Functioning, Disability and Health (ICF) can contribute to the physical therapists’ clinical practice management and systematization. Although promising, its use is still limited, especially due to the complexity of its application. The aim of this study was to analyze the difficulties related to the use of the ICF to codify activities/ participation of patients with musculoskeletal disorders in the lower limbs and lumbar region, evaluated by a physical therapist. Methods: Reports of patients related to the activities/participation that were altered due to musculoskeletal disorders were used. Data were obtained from the charts and grouped into categories for subsequent coding. Results: Five ICF domains were used to describe the altered activities/participation (mobility, self-care, domestic life, major life areas and community, social and civic life) and four difficulties related to the coding process were identified: (1) multiple codes related to some activities/participation; (2) inaccurate code to detail one activity/participation (run distance); (3) “unspecified” code used for the classification of “getting into the car”; (4) generic codes attributed to activities/participation that refer to sports. Discussion: The possibility of choosing several codes to describe the same condition due to the overlap and interrelation of activities/participation can make the classification process inconsistent in some situations. The absence of detailing concerning some activities/participation can restrict the precision of categorization and data documentation. Conclusion: The ICF allowed the characterization of the health status of individuals, but presented some issues that must be considered in order to obtain its improvement. </subfield>
</datafield>
<datafield tag="260" ind1=" " ind2=" ">
<subfield code="b">Faculdade de Medicina, Universidade de São Paulo</subfield>
</datafield>
<dataField tag="260" ind1=" " ind2=" ">
<subfield code="c">2008-03-09 00:00:00</subfield>
</dataField>   <datafield tag="856" ind1=" " ind2=" ">
<subfield code="q">application/pdf</subfield>
</datafield>
<datafield tag="856" ind1=" " ind2=" ">
<subfield code="q">application/pdf</subfield>
</datafield>
<datafield tag="856" ind1="4" ind2="0">
<subfield code="u">https://www.revistas.usp.br/actafisiatrica/article/view/102901</subfield>
</datafield>  <datafield tag="786" ind1="0" ind2=" ">
<subfield code="n">Acta Fisiátrica; v. 15 n. 1 (2008)</subfield>
</datafield>  <datafield tag="546" ind1=" " ind2=" ">
<subfield code="a">eng</subfield>
</datafield>   <datafield tag="540" ind1=" " ind2=" ">
<subfield code="a">Copyright (c) 2008 Acta Fisiátrica</subfield>
</datafield>
</record>
</metadata>
</record>