
<record>
<header>
<identifier>oai:revistas.usp.br:article/102905</identifier>
<datestamp>2019-11-27T21:45:33Z</datestamp>
<setSpec>actafisiatrica:Art.+Orig.</setSpec>
<setSpec>driver</setSpec>
</header>
<metadata>
<record xmlns="http://www.loc.gov/MARC21/slim" xmlns:xsi="http://www.w3.org/2001/XMLSchema-instance" xsi:schemaLocation="http://www.loc.gov/MARC21/slim http://www.loc.gov/standards/marcxml/schema/MARC21slim.xsd">
<leader>     nmb a2200000Iu 4500</leader>
<controlfield tag="008">"080309 2008                        eng  "</controlfield>
<datafield tag="022" ind1="#" ind2="#">
<subfield code="$a">2317-0190</subfield>
</datafield>
<datafield tag="022" ind1="#" ind2="#">
<subfield code="$a">0104-7795</subfield>
</datafield>
<datafield tag="042" ind1=" " ind2=" ">
<subfield code="a">dc</subfield>
</datafield>
<datafield tag="245" ind1="0" ind2="0">
<subfield code="a">Validação da Escala de Pensamentos Catastróficos sobre Dor</subfield>
</datafield>  <datafield tag="720" ind1="1" ind2=" ">
<subfield code="a">Sardá Junior, Jamir</subfield>
<subfield code="u">Universidade do Vale do Itajaí</subfield></datafield>
<datafield tag="720" ind1="1" ind2=" ">
<subfield code="a">Nicholas, Michael K.</subfield>
<subfield code="u">University of Sydney</subfield></datafield>
<datafield tag="720" ind1="1" ind2=" ">
<subfield code="a">Pereira, Ivânio Alves</subfield>
<subfield code="u">Universidade Federal de Santa Catarina</subfield></datafield>
<datafield tag="720" ind1="1" ind2=" ">
<subfield code="a">Pimenta, Cibele Andrucioli de Matos</subfield>
<subfield code="u">Universidade de São Paulo. Escola de Enfermagem</subfield></datafield>
<datafield tag="720" ind1="1" ind2=" ">
<subfield code="a">Asghari, Ali</subfield>
<subfield code="u">University of Shahed</subfield></datafield>
<datafield tag="720" ind1="1" ind2=" ">
<subfield code="a">Cruz, Roberto Moraes</subfield>
<subfield code="u">Universidade Federal de Santa Catarina</subfield></datafield>
<datafield tag="520" ind1=" " ind2=" ">
<subfield code="a"> Este estudo objetivou examinar a validade e a fidedignidade da sub-escala de Pensamentos Catastróficos da Escala Pain Related Self-Statement numa população brasileira com dor crônica. Estudo de corte transversal realizado com uma amostra de conveniência de 311 pacientes. As propriedades psicométricas da Escala de Pensamentos Catastróficos foram examinadas analisando a fidedignidade e validade deste instrumento. O escore médio da Escala de Pensamentos Catastróficos foi 2,38 (DP= 1,38). O coeficiente de correlação Cronbach foi 0,89 e o coeficiente de correlação Pearson entre as metades foi de 0,74, indicando adequada consistência interna e correlação entre suas metades. A análise de componentes principais indicou a presença de dois componentes (desesperança e ruminação). Indicadores de validade de critério e discriminante também foram adequados. Houveram correlações significativas entre a Escala de Pensamentos Catastróficos e incapacidade, intensidade e local da dor. Dentre as variáveis estudadas, catastrofização foi o maior preditor de incapacidade, superando intensidade da dor. Os resultados deste estudo confirmaram a adequação das propriedades psicométricas da Escala de Pensamentos Catastróficos para pacientes brasileiros e a contribuição de pensamentos catastróficos para a incapacidade física. Os resultados deste estudo foram consistentes com os publicados na literatura. </subfield>
</datafield>
<datafield tag="260" ind1=" " ind2=" ">
<subfield code="b">Faculdade de Medicina, Universidade de São Paulo</subfield>
</datafield>
<dataField tag="260" ind1=" " ind2=" ">
<subfield code="c">2008-03-09 00:00:00</subfield>
</dataField>   <datafield tag="856" ind1=" " ind2=" ">
<subfield code="q">application/pdf</subfield>
</datafield>
<datafield tag="856" ind1=" " ind2=" ">
<subfield code="q">application/pdf</subfield>
</datafield>
<datafield tag="856" ind1="4" ind2="0">
<subfield code="u">https://www.revistas.usp.br/actafisiatrica/article/view/102905</subfield>
</datafield>  <datafield tag="786" ind1="0" ind2=" ">
<subfield code="n">Acta Fisiátrica; v. 15 n. 1 (2008)</subfield>
</datafield>  <datafield tag="546" ind1=" " ind2=" ">
<subfield code="a">por</subfield>
</datafield>   <datafield tag="540" ind1=" " ind2=" ">
<subfield code="a">Copyright (c) 2008 Acta Fisiátrica</subfield>
</datafield>
</record>
</metadata>
</record>