
<record>
<header>
<identifier>oai:revistas.usp.br:article/102906</identifier>
<datestamp>2019-10-07T17:41:56Z</datestamp>
<setSpec>actafisiatrica:Art.+Orig.</setSpec>
<setSpec>driver</setSpec>
</header>
<metadata>
<record xmlns="http://www.loc.gov/MARC21/slim" xmlns:xsi="http://www.w3.org/2001/XMLSchema-instance" xsi:schemaLocation="http://www.loc.gov/MARC21/slim http://www.loc.gov/standards/marcxml/schema/MARC21slim.xsd">
<leader>     nmb a2200000Iu 4500</leader>
<controlfield tag="008">"080309 2008                        eng  "</controlfield>
<datafield tag="022" ind1="#" ind2="#">
<subfield code="$a">2317-0190</subfield>
</datafield>
<datafield tag="022" ind1="#" ind2="#">
<subfield code="$a">0104-7795</subfield>
</datafield>
<datafield tag="042" ind1=" " ind2=" ">
<subfield code="a">dc</subfield>
</datafield>
<datafield tag="245" ind1="0" ind2="0">
<subfield code="a">Prevalência de alterações funcionais corpóreas em crianças com paralisia cerebral, Fortaleza, Ceará, 2006</subfield>
</datafield>  <datafield tag="720" ind1="1" ind2=" ">
<subfield code="a">Brasileiro, Ismênia de Carvalho</subfield>
<subfield code="u">Faculdade Integrada do Ceará</subfield></datafield>
<datafield tag="720" ind1="1" ind2=" ">
<subfield code="a">Moreira, Thereza Maria Magalhães</subfield>
<subfield code="u">Universidade Estadual do Ceará</subfield></datafield>
<datafield tag="520" ind1=" " ind2=" ">
<subfield code="a"> Functional changes are present at a very young age in children with neurological disorders and the more severe the disease, the higher the degree of dysfunction. The present study aimed at investigating changes in the bodily functions of children with cerebral palsy (CP) treated at an early stimulation health clinic in the city of Fortaleza using the International Classification of Functioning, Disability, and Health (ICF) in order to detect possible interference in the functional performance. Thirty-two children with mild or moderate CP, aged ≥ 3 years, underwent continuous physical therapy treatment. The neurological impairment was varied: 43.7% (14) did not present cognitive deficit, 50% (16) showed mild attention deficit, 37.5% (12) had mild motor coordination difficulties and 56.2% (18) had moderate motor difficulties. Mild alteration of affection was observed in 59.3% (19) and in 53.1% (17), mild perceptive deficiency. Mild language deficits were present in 25% (8) and moderate ones in 15.6% (5). Around 60% suffered from visual deficiency and 81.2% had a proprioceptive dysfunction; 78.1% (25) presented mild respiratory alterations and 62.5% (20) had food intake difficulties. Joint mobility was compromised in 68.75% (22) and stability in 53% of them. Moderate muscular strength deficit was observed in 62.5% (20) of the hemiparetic group, 59.3% (19) of the paraparetic, and 71.8% (24) of the tetraparetic group. Recent studies have focused on the neurological and functional impact of CP, although most of them were directed at the disease itself and its consequences. Studies such as the present one are timely for understanding the functional capacities and limitations of children with CP. </subfield>
</datafield>
<datafield tag="260" ind1=" " ind2=" ">
<subfield code="b">Faculdade de Medicina, Universidade de São Paulo</subfield>
</datafield>
<dataField tag="260" ind1=" " ind2=" ">
<subfield code="c">2008-03-09 00:00:00</subfield>
</dataField>   <datafield tag="856" ind1=" " ind2=" ">
<subfield code="q">application/pdf</subfield>
</datafield>
<datafield tag="856" ind1=" " ind2=" ">
<subfield code="q">application/pdf</subfield>
</datafield>
<datafield tag="856" ind1="4" ind2="0">
<subfield code="u">https://www.revistas.usp.br/actafisiatrica/article/view/102906</subfield>
</datafield>  <datafield tag="786" ind1="0" ind2=" ">
<subfield code="n">Acta Fisiátrica; v. 15 n. 1 (2008)</subfield>
</datafield>  <datafield tag="546" ind1=" " ind2=" ">
<subfield code="a">eng</subfield>
</datafield>   <datafield tag="540" ind1=" " ind2=" ">
<subfield code="a">Copyright (c) 2008 Acta Fisiátrica</subfield>
</datafield>
</record>
</metadata>
</record>