
<record>
<header>
<identifier>oai:revistas.usp.br:article/102908</identifier>
<datestamp>2019-10-07T17:48:45Z</datestamp>
<setSpec>actafisiatrica:Art.+Orig.</setSpec>
<setSpec>driver</setSpec>
</header>
<metadata>
<record xmlns="http://www.loc.gov/MARC21/slim" xmlns:xsi="http://www.w3.org/2001/XMLSchema-instance" xsi:schemaLocation="http://www.loc.gov/MARC21/slim http://www.loc.gov/standards/marcxml/schema/MARC21slim.xsd">
<leader>     nmb a2200000Iu 4500</leader>
<controlfield tag="008">"080309 2008                        eng  "</controlfield>
<datafield tag="022" ind1="#" ind2="#">
<subfield code="$a">2317-0190</subfield>
</datafield>
<datafield tag="022" ind1="#" ind2="#">
<subfield code="$a">0104-7795</subfield>
</datafield>
<datafield tag="042" ind1=" " ind2=" ">
<subfield code="a">dc</subfield>
</datafield>
<datafield tag="245" ind1="0" ind2="0">
<subfield code="a">A Classificação Internacional de Funcionalidade, Incapacidade e Saúde e a Aids: uma proposta de core set</subfield>
</datafield>  <datafield tag="720" ind1="1" ind2=" ">
<subfield code="a">Buchalla, Cássia Maria</subfield>
<subfield code="u">Universidade de São Paulo. Faculdade de Saúde Pública</subfield></datafield>
<datafield tag="720" ind1="1" ind2=" ">
<subfield code="a">Cavalheiro, Telma Regina</subfield>
</datafield>
<datafield tag="520" ind1=" " ind2=" ">
<subfield code="a"> The advent of the highly active antiretroviral therapy (HAART) altered the natural history of AIDS, decreasing its mortality and the incidence of opportunistic diseases as well as increasing the life expectation of people living with AIDS. As a chronic disease, other issues started to be relevant and among them, treatment adherence, its adverse effects and the quality of life of people undergoing treatment. The International Classification of Functioning, Disability and Health (ICF) constitutes an adequate tool to identify the characteristics of functionality, the environment and personal conditions that interfere with quality of life. Tools for its application, called core sets, have been developed for several health conditions. Aiming at proposing a core set for AIDS, two preliminary steps of the proposed model were developed for the construction of these tools. The first phase, which consisted of a systematic review, searched in MEDLINE for articles that included the key words HAART and quality of life, published in English, from 200 to 2004. A total of 31 studies were selected that resulted in 87 concepts, 66 of which could be identified as ICF categories. These comprised the questions of the interview applied to 42 volunteers, who were patients at a Reference Center for STDs and AIDS in Sao Paulo, Brazil. Among the conditions more frequently associated with the treatment are changes in body image, the consequence of lipodystrophy, pointed out in 84% of the studies and 93% of the interviews. Alterations in digestive functions, intimate relationships and sexual function were important conditions identified in the study. The two phases defined 40 ICF categories as a preliminary core set proposal for AIDS patients. </subfield>
</datafield>
<datafield tag="260" ind1=" " ind2=" ">
<subfield code="b">Faculdade de Medicina, Universidade de São Paulo</subfield>
</datafield>
<dataField tag="260" ind1=" " ind2=" ">
<subfield code="c">2008-03-09 00:00:00</subfield>
</dataField>   <datafield tag="856" ind1=" " ind2=" ">
<subfield code="q">application/pdf</subfield>
</datafield>
<datafield tag="856" ind1=" " ind2=" ">
<subfield code="q">application/pdf</subfield>
</datafield>
<datafield tag="856" ind1="4" ind2="0">
<subfield code="u">https://www.revistas.usp.br/actafisiatrica/article/view/102908</subfield>
</datafield>  <datafield tag="786" ind1="0" ind2=" ">
<subfield code="n">Acta Fisiátrica; v. 15 n. 1 (2008)</subfield>
</datafield>  <datafield tag="546" ind1=" " ind2=" ">
<subfield code="a">eng</subfield>
</datafield>   <datafield tag="540" ind1=" " ind2=" ">
<subfield code="a">Copyright (c) 2008 Acta Fisiátrica</subfield>
</datafield>
</record>
</metadata>
</record>