
<record>
<header>
<identifier>oai:revistas.usp.br:article/102914</identifier>
<datestamp>2019-11-28T15:53:32Z</datestamp>
<setSpec>actafisiatrica:Rel.+Caso</setSpec>
<setSpec>driver</setSpec>
</header>
<metadata>
<record xmlns="http://www.loc.gov/MARC21/slim" xmlns:xsi="http://www.w3.org/2001/XMLSchema-instance" xsi:schemaLocation="http://www.loc.gov/MARC21/slim http://www.loc.gov/standards/marcxml/schema/MARC21slim.xsd">
<leader>     nmb a2200000Iu 4500</leader>
<controlfield tag="008">"080309 2008                        eng  "</controlfield>
<datafield tag="022" ind1="#" ind2="#">
<subfield code="$a">2317-0190</subfield>
</datafield>
<datafield tag="022" ind1="#" ind2="#">
<subfield code="$a">0104-7795</subfield>
</datafield>
<datafield tag="042" ind1=" " ind2=" ">
<subfield code="a">dc</subfield>
</datafield>
<datafield tag="245" ind1="0" ind2="0">
<subfield code="a">Embriopatia do ácido retinóico: relato de dois casos associados ao uso da isotretinoína</subfield>
</datafield>  <datafield tag="720" ind1="1" ind2=" ">
<subfield code="a">Lima, Gabriela Henrique de Souza</subfield>
<subfield code="u">Centro de Reabilitação e Readaptação Henrique Santillo</subfield></datafield>
<datafield tag="720" ind1="1" ind2=" ">
<subfield code="a">Jubé, Maria Raquel Ramos</subfield>
<subfield code="u">Centro de Reabilitação e Readaptação Henrique Santillo</subfield></datafield>
<datafield tag="720" ind1="1" ind2=" ">
<subfield code="a">Feres, Caroline Campelo</subfield>
<subfield code="u">Centro de Reabilitação e Readaptação Henrique Santillo</subfield></datafield>
<datafield tag="720" ind1="1" ind2=" ">
<subfield code="a">Watanabe, Leonardo Eizo</subfield>
<subfield code="u">Centro de Reabilitação e Readaptação Henrique Santillo</subfield></datafield>
<datafield tag="720" ind1="1" ind2=" ">
<subfield code="a">Souza, Ângela Maria Costa de</subfield>
<subfield code="u">Centro de Reabilitação e Readaptação Henrique Santillo</subfield></datafield>
<datafield tag="520" ind1=" " ind2=" ">
<subfield code="a"> The authors report two cases associated with the use of isotretinoin before or during the gestational period, with its characteristic aspects and variations, of one male and one female child. This report aims at raising the awareness of medical professionals about the possible risk of isotretinoin administration to fertile-aged women considering the severity of malformations in the different systems of the human body. </subfield>
</datafield>
<datafield tag="260" ind1=" " ind2=" ">
<subfield code="b">Faculdade de Medicina, Universidade de São Paulo</subfield>
</datafield>
<dataField tag="260" ind1=" " ind2=" ">
<subfield code="c">2008-03-09 00:00:00</subfield>
</dataField>   <datafield tag="856" ind1=" " ind2=" ">
<subfield code="q">application/pdf</subfield>
</datafield>
<datafield tag="856" ind1=" " ind2=" ">
<subfield code="q">application/pdf</subfield>
</datafield>
<datafield tag="856" ind1="4" ind2="0">
<subfield code="u">https://www.revistas.usp.br/actafisiatrica/article/view/102914</subfield>
</datafield>  <datafield tag="786" ind1="0" ind2=" ">
<subfield code="n">Acta Fisiátrica; v. 15 n. 1 (2008)</subfield>
</datafield>  <datafield tag="546" ind1=" " ind2=" ">
<subfield code="a">eng</subfield>
</datafield>   <datafield tag="540" ind1=" " ind2=" ">
<subfield code="a">Copyright (c) 2008 Acta Fisiátrica</subfield>
</datafield>
</record>
</metadata>
</record>