
<record>
<header>
<identifier>oai:revistas.usp.br:article/102915</identifier>
<datestamp>2019-11-28T16:07:01Z</datestamp>
<setSpec>actafisiatrica:Tend.+Refle.</setSpec>
<setSpec>driver</setSpec>
</header>
<metadata>
<record xmlns="http://www.loc.gov/MARC21/slim" xmlns:xsi="http://www.w3.org/2001/XMLSchema-instance" xsi:schemaLocation="http://www.loc.gov/MARC21/slim http://www.loc.gov/standards/marcxml/schema/MARC21slim.xsd">
<leader>     nmb a2200000Iu 4500</leader>
<controlfield tag="008">"080309 2008                        eng  "</controlfield>
<datafield tag="022" ind1="#" ind2="#">
<subfield code="$a">2317-0190</subfield>
</datafield>
<datafield tag="022" ind1="#" ind2="#">
<subfield code="$a">0104-7795</subfield>
</datafield>
<datafield tag="042" ind1=" " ind2=" ">
<subfield code="a">dc</subfield>
</datafield>
<datafield tag="245" ind1="0" ind2="0">
<subfield code="a">O desenvolvimento da “Pesquisa em Funcionalidade Humana e Reabilitação” a partir de uma perspectiva abrangente</subfield>
</datafield>  <datafield tag="720" ind1="1" ind2=" ">
<subfield code="a">Stucki, Gerold</subfield>
<subfield code="u">Ludwig Maximilian University of Munich</subfield></datafield>
<datafield tag="720" ind1="1" ind2=" ">
<subfield code="a">Reinhardt, Jan Dietrich</subfield>
<subfield code="u">University of Lucerne</subfield></datafield>
<datafield tag="720" ind1="1" ind2=" ">
<subfield code="a">Grimby, Gunnar</subfield>
<subfield code="u">University of Gothenburg</subfield></datafield>
<datafield tag="720" ind1="1" ind2=" ">
<subfield code="a">Melvin, John</subfield>
<subfield code="u">Thomas Jefferson University</subfield></datafield>
<datafield tag="520" ind1=" " ind2=" ">
<subfield code="a"> By creating the International Classification of Functioning, Disability and Health (ICF) the World Health Organization (WHO) prepared the ground for a comprehensive understanding of Human Functioning and Rehabilitation Research, integrating the biomedical perspective on impairment with the social model of disability. This new understanding poses a number of old and new challenges related to the enhancement of adequate research capacity. Here we will summarize approaches to address these challenges with respect to three areas: the organization of Human Functioning and Rehabilitation Research into distinct scientific fields, the development of suitable academic training programs and the building of university centers and collaboration networks. </subfield>
</datafield>
<datafield tag="260" ind1=" " ind2=" ">
<subfield code="b">Faculdade de Medicina, Universidade de São Paulo</subfield>
</datafield>
<dataField tag="260" ind1=" " ind2=" ">
<subfield code="c">2008-03-09 00:00:00</subfield>
</dataField>   <datafield tag="856" ind1=" " ind2=" ">
<subfield code="q">application/pdf</subfield>
</datafield>
<datafield tag="856" ind1=" " ind2=" ">
<subfield code="q">application/pdf</subfield>
</datafield>
<datafield tag="856" ind1="4" ind2="0">
<subfield code="u">https://www.revistas.usp.br/actafisiatrica/article/view/102915</subfield>
</datafield>  <datafield tag="786" ind1="0" ind2=" ">
<subfield code="n">Acta Fisiátrica; v. 15 n. 1 (2008)</subfield>
</datafield>  <datafield tag="546" ind1=" " ind2=" ">
<subfield code="a">eng</subfield>
</datafield>   <datafield tag="540" ind1=" " ind2=" ">
<subfield code="a">Copyright (c) 2008 Acta Fisiátrica</subfield>
</datafield>
</record>
</metadata>
</record>