
<record>
<header>
<identifier>oai:revistas.usp.br:article/102916</identifier>
<datestamp>2019-11-27T19:15:42Z</datestamp>
<setSpec>actafisiatrica:Art.+Orig.</setSpec>
<setSpec>driver</setSpec>
</header>
<metadata>
<record xmlns="http://www.loc.gov/MARC21/slim" xmlns:xsi="http://www.w3.org/2001/XMLSchema-instance" xsi:schemaLocation="http://www.loc.gov/MARC21/slim http://www.loc.gov/standards/marcxml/schema/MARC21slim.xsd">
<leader>     nmb a2200000Iu 4500</leader>
<controlfield tag="008">"080609 2008                        eng  "</controlfield>
<datafield tag="022" ind1="#" ind2="#">
<subfield code="$a">2317-0190</subfield>
</datafield>
<datafield tag="022" ind1="#" ind2="#">
<subfield code="$a">0104-7795</subfield>
</datafield>
<datafield tag="042" ind1=" " ind2=" ">
<subfield code="a">dc</subfield>
</datafield>
<datafield tag="245" ind1="0" ind2="0">
<subfield code="a">Prevalência de lombalgia em garimpeiros de Serra Pelada, Pará / Brasil</subfield>
</datafield>  <datafield tag="720" ind1="1" ind2=" ">
<subfield code="a">El Khouri, Marcelo</subfield>
<subfield code="u">Universidade de São Paulo. Faculdade de Medicina</subfield></datafield>
<datafield tag="720" ind1="1" ind2=" ">
<subfield code="a">Corbett, Carlos Eduardo Pereira</subfield>
<subfield code="u">Universidade de São Paulo. Faculdade de Medicina</subfield></datafield>
<datafield tag="720" ind1="1" ind2=" ">
<subfield code="a">Cordeiro, Quirino</subfield>
<subfield code="u">Universidade de São Paulo. Faculdade de Medicina</subfield></datafield>
<datafield tag="720" ind1="1" ind2=" ">
<subfield code="a">Ota, Daniela</subfield>
<subfield code="u">Universidade de São Paulo. Faculdade de Medicina</subfield></datafield>
<datafield tag="520" ind1=" " ind2=" ">
<subfield code="a"> O presente estudo avalia a prevalência de lombalgia em população de garimpeiros de Serra Pelada, localizada no Estado do Pará – Brasil. Considerado como um dos maiores garimpos de ouro na década de 80, havendo em torno de 100.000 pessoas envolvidas na extração do ouro. Atualmente a população local é estimada em 6000 habitantes. Através de uma avaliação médica primária populacional feita em 2002 foi realizado um estudo de corte transversal retrospectivo com a análise de dados obtidos durante esse atendimento. Foram 1.169 atendimentos, 605 do sexo masculino (51,7%), idade média de 41,4 ± 21,2 anos. 47% responderam que trabalham ou trabalharam no garimpo, com tempo médio de 10,9 ± 9,7 anos. A prevalência de lombalgia foi de 13,7% em relação ao geral dos diagnósticos. Quando comparada ao grupo de garimpeiros, a prevalência encontrada foi de 18,2% contra 10,0% em relação ao grupo de não garimpeiros (p&lt;0,000), porém não mantendo significância estatística após a regressão logística. Estudos mais detalhados seriam necessários para tentar estabelecer as possíveis relações com dor lombar nesta população, sendo que talvez o rastreamento de antigos garimpeiros pudesse investigar melhor uma possível relação direta laboral do garimpo com lombalgia. </subfield>
</datafield>
<datafield tag="260" ind1=" " ind2=" ">
<subfield code="b">Faculdade de Medicina, Universidade de São Paulo</subfield>
</datafield>
<dataField tag="260" ind1=" " ind2=" ">
<subfield code="c">2008-06-09 00:00:00</subfield>
</dataField>   <datafield tag="856" ind1=" " ind2=" ">
<subfield code="q">application/pdf</subfield>
</datafield>
<datafield tag="856" ind1="4" ind2="0">
<subfield code="u">https://www.revistas.usp.br/actafisiatrica/article/view/102916</subfield>
</datafield>  <datafield tag="786" ind1="0" ind2=" ">
<subfield code="n">Acta Fisiátrica; v. 15 n. 2 (2008)</subfield>
</datafield>  <datafield tag="546" ind1=" " ind2=" ">
<subfield code="a">por</subfield>
</datafield>   <datafield tag="540" ind1=" " ind2=" ">
<subfield code="a">Copyright (c) 2008 Acta Fisiátrica</subfield>
</datafield>
</record>
</metadata>
</record>