
<record>
<header>
<identifier>oai:revistas.usp.br:article/102917</identifier>
<datestamp>2019-11-27T19:19:56Z</datestamp>
<setSpec>actafisiatrica:Art.+Orig.</setSpec>
<setSpec>driver</setSpec>
</header>
<metadata>
<record xmlns="http://www.loc.gov/MARC21/slim" xmlns:xsi="http://www.w3.org/2001/XMLSchema-instance" xsi:schemaLocation="http://www.loc.gov/MARC21/slim http://www.loc.gov/standards/marcxml/schema/MARC21slim.xsd">
<leader>     nmb a2200000Iu 4500</leader>
<controlfield tag="008">"080609 2008                        eng  "</controlfield>
<datafield tag="022" ind1="#" ind2="#">
<subfield code="$a">2317-0190</subfield>
</datafield>
<datafield tag="022" ind1="#" ind2="#">
<subfield code="$a">0104-7795</subfield>
</datafield>
<datafield tag="042" ind1=" " ind2=" ">
<subfield code="a">dc</subfield>
</datafield>
<datafield tag="245" ind1="0" ind2="0">
<subfield code="a">Estudo do perfil lipídico de pacientes com fibromialgia</subfield>
</datafield>  <datafield tag="720" ind1="1" ind2=" ">
<subfield code="a">Raimundo, Verônica Magalhães</subfield>
<subfield code="u">Universidade de São Paulo. Faculdade de Medicina</subfield></datafield>
<datafield tag="720" ind1="1" ind2=" ">
<subfield code="a">Pato, Thais Rodrigues</subfield>
<subfield code="u">Universidade de São Paulo. Faculdade de Medicina</subfield></datafield>
<datafield tag="520" ind1=" " ind2=" ">
<subfield code="a"> A fibromialgia é uma síndrome caracterizada por dor musculoesquelética generalizada que acomete principalmente mulheres de meiaidade. Na literatura, alguns estudos têm relacionado doenças musculoesqueléticas com dislipidemia, porém somente um trabalho avaliou esta relação com fibromialgia. O objetivo deste estudo foi avaliar o perfil lipídico de pacientes com fibromialgia comparando-o com uma amostra de controles. Participaram do estudo 42 mulheres com fibromialgia e 42 mulheres sem queixa de dor. Não foi observada diferença entre o perfil lipídico destas populações. </subfield>
</datafield>
<datafield tag="260" ind1=" " ind2=" ">
<subfield code="b">Faculdade de Medicina, Universidade de São Paulo</subfield>
</datafield>
<dataField tag="260" ind1=" " ind2=" ">
<subfield code="c">2008-06-09 00:00:00</subfield>
</dataField>   <datafield tag="856" ind1=" " ind2=" ">
<subfield code="q">application/pdf</subfield>
</datafield>
<datafield tag="856" ind1="4" ind2="0">
<subfield code="u">https://www.revistas.usp.br/actafisiatrica/article/view/102917</subfield>
</datafield>  <datafield tag="786" ind1="0" ind2=" ">
<subfield code="n">Acta Fisiátrica; v. 15 n. 2 (2008)</subfield>
</datafield>  <datafield tag="546" ind1=" " ind2=" ">
<subfield code="a">por</subfield>
</datafield>   <datafield tag="540" ind1=" " ind2=" ">
<subfield code="a">Copyright (c) 2008 Acta Fisiátrica</subfield>
</datafield>
</record>
</metadata>
</record>
<resumptionToken expirationDate="2023-08-08T14:50:03Z" completeListSize="935" cursor="250">d6a4a664d617160f745ed4b9ee1c1e20</resumptionToken>
</ListRecords>
</OAI-PMH> 